@conference{DeMott,
	author = "Jared DeMott, Richard Enbody, and William Punch",
	title = "Revolutionizing the Field of Grey-box Attack Surface Testing with Evolutionary Fuzzing",
	booktitle = "BlackHat USA",
	year = "2007"
}

@Misc{AFL,
	author =   {Michal Zalewski},
	title =    {{AFL}: American Fuzzy Lop},
	howpublished = {\url{http://lcamtuf.coredump.cx/afl/}},
	year = {2013}
}

@Misc{LibFuzzer,
	author = "LLVM Project",
	title = "libFuzzer - a library for coverage-guided fuzz testing",
	howpublished = {\url{https://llvm.org/docs/LibFuzzer.html}}
}

@conference{Vuzzer,
    author    = "Sanjay Rawat, Vivek Jain, Ashish Kumar, Lucian Cojocar, Cristiano Giuffrida, and Herbert Bos",
    title     = "VUzzer: Application-aware Evolutionary Fuzzing",
    booktitle = "Network and Distributed System Security Symposium",
    year      = "2017",
    month    = "February"
}


@Misc{Choronzon,
	author = {Zisis Sialveras and Nikos Naziridis},
	title = {Choronzon},
	howpublished = {\url{https://github.com/CENSUS/choronzon}},
	year = {2015}
}

@conference{StaticPA,
	author = "Bhargava Shastry, Markus Leutner, Tobias Fiebig, Kashyap Thimmaraju, Fabian Yamaguchi, Konrad Rieck, Stefan Schmid, Jean-Pierre Seifert, and Anja Feldmann",
	title = "Static Program Analysis as a Fuzzing Aid",
	booktitle = "20th International Symposium on Research in Attacks, Intrusions and Defenses",
	year = "2017",
	month = "September"
}

@Misc{StaticExp,
	author = "Bhargava Shastry, Federico Maggi, Fabian Yamaguchi, Konrad Rieck, and Jean-Pierre Seifert",
	title = "Static Exploration of Taint-Style Vulnerabilities Found by Fuzzing",
	booktitle = {eprint arXiv:cs.CR/1706.00206},
	year = "2017",
	month = "July",
	howpublished = {\url{https://arxiv.org/abs/1706.00206}}
}

@Misc{HybridVerimag,
	author = "Sanjay Rawat, Dumitru Ceara, Laurent Mounier, Marie-Laure Potet",
	title = "Combining Static and Dynamic Analysis for Vulnerability Detection",
	booktitle = {eprint arXiv:cs.CR/arXiv:1305.3883},
	year = "2013",
	month = "May",
	howpublished = {\url{https://arxiv.org/abs/1305.3883v1}}
}

@conference{NeedleHeap,
	author = "Josselin Feist, Laurent Mounier, Marie-Laure Potet, SÃ©bastien Bardin, and Robin David",
	title = "Finding the Needle in the Heap: Combining Static Analysis and Dynamic Symbolic Execution to Trigger Use-After-Free",
	booktitle = "Software Security, Protection, and Reverse Engineering Workshop",
	year = "2016",
}

@article{ProgSlice,
	author = "Mark Weiser",
	title = "Program Slicing",
	journal = "IEEE Transactions on Software Engineering",
	volume = "SE-10",
	number = "4",
	year = "1984",
	month = "July"
}

@article{HybridSlice,
	author    = "R. Gupta, Mary Lou Soffa, and John Howard",
	title     = "Hybrid Slicing: Integrating Dynamic Information with Static Analysis",
	journal   = "ACM Transactions on Software Engineering and Methodology",
	volume   = "6",
	number   = "4",
	pages    = "370-397",
	year      = "1997",
	month    = "October"
}

@conference{Vanegue,
	author = "Julien Vanegue",
	title = "The Weird Machines in Proof-Carrying Code",
	booktitle = "IEEE Security and Privacy LangSec Workshop 2014",
	year = "2014",
	howpublished = {\url{http://www.ieee-security.org/TC/SPW2014/papers/5103a209.PDF}}
}

@Misc{SVF,
	author = "Yulei Sui and Jingling Xue",
	title = "Static Value Flow (SVF)",
	howpublished = {\url{https://github.com/unsw-corg/SVF}}
	year = "2015
}

@Misc{LLVM,
	author = "Lattner, et al.",
	title = "LLVM",
	howpublished = {\url{http://llvm.org/}}
}

@Misc{LLVMIR,
	author = "Lattner, et al.",
	title = "LLVM Language Reference",
	howpublished = {\url{http://llvm.org/docs/LangRef.html}}
}

